<?xml version="1.0" encoding="UTF-8"?><collection xmlns="http://www.loc.gov/MARC21/slim"><record><leader>00345nam--2200133-i-4500</leader><controlfield tag="001">000011473</controlfield><controlfield tag="002">20161230</controlfield><controlfield tag="005">20161230201029</controlfield><controlfield tag="008">060222s1000------------r-----000-0-eng-d</controlfield><datafield ind1=" " ind2=" " tag="100"><subfield code="a">Carroll, John E</subfield></datafield><datafield ind1=" " ind2=" " tag="245"><subfield code="a">Physical models for semiconductor devices</subfield></datafield><datafield ind1=" " ind2=" " tag="260"><subfield code="a">London, Edward Arnold, 1974</subfield></datafield><datafield ind1=" " ind2=" " tag="490"><subfield code="a">Xi + 253 P</subfield></datafield><datafield ind1=" " ind2=" " tag="852"><subfield code="a">621.382:537.311.33</subfield></datafield></record></collection>